<?xml version="1.0" encoding="UTF-8"?><collection xmlns="http://www.loc.gov/MARC21/slim"><record><leader>00602nam--2200169-i-4500</leader><controlfield tag="001">000041010</controlfield><controlfield tag="002">20161230</controlfield><controlfield tag="005">20161230201042</controlfield><controlfield tag="008">060222s1000------------r-----000-0-eng-d</controlfield><datafield ind1=" " ind2=" " tag="040"><subfield code="a">IFIN-HH</subfield></datafield><datafield ind1=" " ind2=" " tag="080"><subfield code="a">539.163.2</subfield></datafield><datafield ind1="1" ind2=" " tag="100"><subfield code="a">Verhaar, B.J</subfield></datafield><datafield ind1="1" ind2="0" tag="245"><subfield code="a">Selected topics in nuclear spectroscopy</subfield><subfield code="b">Proceedings of the nuffic international summer course in science at nijenrode castle, the netherlands, july 30-august 17, 1963</subfield><subfield code="c">B.j. verhaar (compiled by)</subfield></datafield><datafield ind1=" " ind2=" " tag="260"><subfield code="a">Amsterdam</subfield><subfield code="b">North-holland Puiblishing Company</subfield><subfield code="c">1964</subfield></datafield><datafield ind1=" " ind2=" " tag="300"><subfield code="a">V+348 P</subfield></datafield><datafield ind1=" " ind2=" " tag="852"><subfield code="a">19728</subfield><subfield code="c">539.163.2</subfield></datafield><datafield ind1=" " ind2=" " tag="CAT"><subfield code="a">Sys</subfield><subfield code="c">20120518</subfield><subfield code="h">135818</subfield></datafield></record></collection>